@article{Thorup2005,
 author = {Thorup, Mikkel and Zwick, Uri},
 title = {Approximate Distance Oracles},
 journal = {J. ACM},
 issue_date = {January 2005},
 volume = {52},
 number = {1},
 month = jan,
 year = {2005},
 issn = {0004-5411},
 pages = {1--24},
 numpages = {24},
 url = {http://doi.acm.org/10.1145/1044731.1044732},
 doi = {10.1145/1044731.1044732},
 acmid = {1044732},
 publisher = {ACM},
 address = {New York, NY, USA},
 keywords = {Approximate distance oracles, distance labelings, distance queries, distances, shortest paths, spanners},
} 

@inproceedings{Wulff2013,
 author = {Wulff-Nilsen, Christian},
 title = {Approximate Distance Oracles with Improved Query Time},
 booktitle = {Proceedings of the Twenty-fourth Annual ACM-SIAM Symposium on Discrete Algorithms},
 series = {SODA '13},
 year = {2013},
 isbn = {978-1-611972-51-1},
 location = {New Orleans, Louisiana},
 pages = {539--549},
 numpages = {11},
 url = {http://dl.acm.org/citation.cfm?id=2627817.2627856},
 acmid = {2627856},
 publisher = {Society for Industrial and Applied Mathematics},
 address = {Philadelphia, PA, USA},
} 
